<?xml version="1.0" encoding="UTF-8"?><request>    <user>chuntley</user>    <operation>bulkIngest</operation>    <requestDocuments>        <ingestDocument id="0" category="work" type="bibliographic" format="marc">            <content><![CDATA[<collection xmlns="http://www.loc.gov/MARC21/slim"><record>  <leader>01007cam a2200289 a 45 0</leader>  <controlfield tag="008">890320s1989    nyu      b    00100 eng  </controlfield>  <datafield tag="010" ind1=" " ind2=" ">    <subfield code="a">   89001506</subfield>  </datafield>  <datafield tag="020" ind1=" " ind2=" ">    <subfield code="a">0844816124</subfield>  </datafield>  <datafield tag="020" ind1=" " ind2=" ">    <subfield code="a">0844816132 (pbk.)</subfield>  </datafield>  <datafield tag="035" ind1=" " ind2=" ">    <subfield code="a">(Sirsi) a10000</subfield>  </datafield>  <datafield tag="035" ind1=" " ind2=" ">    <subfield code="a">(InU)AAC7685BB</subfield>  </datafield>  <datafield tag="035" ind1=" " ind2=" ">    <subfield code="a">(OCoLC)ocm19516386</subfield>  </datafield>  <datafield tag="040" ind1=" " ind2=" ">    <subfield code="a">DLC</subfield>    <subfield code="c">DLC</subfield>    <subfield code="d">IUL</subfield>  </datafield>  <datafield tag="043" ind1=" " ind2=" ">    <subfield code="a">n-us---</subfield>    <subfield code="a">ee-----</subfield>  </datafield>  <datafield tag="050" ind1="0" ind2="0">    <subfield code="a">DJK45.U5</subfield>    <subfield code="b">U55 1989</subfield>  </datafield>  <datafield tag="082" ind1="0" ind2="0">    <subfield code="a">327.73047</subfield>    <subfield code="2">19</subfield>  </datafield>  <datafield tag="245" ind1="0" ind2="0">    <subfield code="a">United States-East European relations in the 1990s /</subfield>    <subfield code="c">edited by Richard F. Staar.</subfield>  </datafield>  <datafield tag="260" ind1="0" ind2=" ">    <subfield code="a">New York :</subfield>    <subfield code="b">Crane Russak,</subfield>    <subfield code="c">1989.</subfield>  </datafield>  <datafield tag="300" ind1=" " ind2=" ">    <subfield code="a">iv, 328 p. ;</subfield>    <subfield code="c">24 cm.</subfield>  </datafield>  <datafield tag="504" ind1=" " ind2=" ">    <subfield code="a">Includes bibliographical references and index.</subfield>  </datafield>  <datafield tag="651" ind1=" " ind2="0">    <subfield code="a">Europe, Eastern</subfield>    <subfield code="x">Foreign relations</subfield>    <subfield code="z">United States.</subfield>  </datafield>  <datafield tag="651" ind1=" " ind2="0">    <subfield code="a">United States</subfield>    <subfield code="x">Foreign relations</subfield>    <subfield code="z">Europe, Eastern.</subfield>  </datafield>  <datafield tag="651" ind1=" " ind2="0">    <subfield code="a">United States</subfield>    <subfield code="x">Foreign relations</subfield>    <subfield code="y">1989-1993.</subfield>  </datafield>  <datafield tag="651" ind1=" " ind2="0">    <subfield code="a">Europe, Eastern</subfield>    <subfield code="x">Foreign relations</subfield>    <subfield code="y">1945-1989.</subfield>  </datafield>  <datafield tag="700" ind1="1" ind2="0">    <subfield code="a">Staar, Richard Felix,</subfield>    <subfield code="d">1923-</subfield>  </datafield>  <datafield tag="998" ind1=" " ind2=" ">    <subfield code="a">3/6/1990</subfield>    <subfield code="b">4/13/1993</subfield>    <subfield code="c">3/6/1990</subfield>  </datafield>  <datafield tag="596" ind1=" " ind2=" ">    <subfield code="a">1</subfield>  </datafield></record>