<record>  <leader>01024cam a2200361 a 45 0</leader>  <controlfield tag="008">801229s1980    enk           00010 eng  </controlfield>  <datafield tag="010" ind1=" " ind2=" ">    <subfield code="a">   80513319</subfield>  </datafield>  <datafield tag="015" ind1=" " ind2=" ">    <subfield code="a">GB***</subfield>  </datafield>  <datafield tag="020" ind1=" " ind2=" ">    <subfield code="a">0413466000 :</subfield>    <subfield code="c">£6.50</subfield>  </datafield>  <datafield tag="020" ind1=" " ind2=" ">    <subfield code="a">0413466108 (pbk.)</subfield>  </datafield>  <datafield tag="035" ind1=" " ind2=" ">    <subfield code="a">(Sirsi) a100000</subfield>  </datafield>  <datafield tag="035" ind1=" " ind2=" ">    <subfield code="a">(InU)ABC2961BY</subfield>  </datafield>  <datafield tag="035" ind1=" " ind2=" ">    <subfield code="a">(OCoLC)ocm07206037</subfield>  </datafield>  <datafield tag="035" ind1=" " ind2=" ">    <subfield code="9">(BB)BCJ5084</subfield>  </datafield>  <datafield tag="040" ind1=" " ind2=" ">    <subfield code="a">DLC</subfield>    <subfield code="c">DLC</subfield>    <subfield code="d">m.c.</subfield>    <subfield code="d">IUL</subfield>  </datafield>  <datafield tag="049" ind1=" " ind2=" ">    <subfield code="a">IULA</subfield>  </datafield>  <datafield tag="050" ind1="0" ind2=" ">    <subfield code="a">PR6052.O5</subfield>    <subfield code="b">W67</subfield>  </datafield>  <datafield tag="082" ind1="0" ind2=" ">    <subfield code="a">822/.914</subfield>    <subfield code="2">19</subfield>  </datafield>  <datafield tag="090" ind1=" " ind2=" ">    <subfield code="a">PR6052.O54</subfield>    <subfield code="b">W67</subfield>    <subfield code="m">IULA</subfield>  </datafield>  <datafield tag="100" ind1="1" ind2="0">    <subfield code="a">Bond, Edward.</subfield>  </datafield>  <datafield tag="240" ind1="1" ind2="0">    <subfield code="a">Worlds.</subfield>  </datafield>  <datafield tag="245" ind1="1" ind2="4">    <subfield code="a">The worlds, with The activists papers /</subfield>    <subfield code="c">Edward Bond.</subfield>  </datafield>  <datafield tag="260" ind1="0" ind2=" ">    <subfield code="a">London :</subfield>    <subfield code="b">Eyre Methuen,</subfield>    <subfield code="c">1980.</subfield>  </datafield>  <datafield tag="300" ind1=" " ind2=" ">    <subfield code="a">174 p. ;</subfield>    <subfield code="c">19 cm.</subfield>  </datafield>  <datafield tag="510" ind1="4" ind2=" ">    <subfield code="a">DLB</subfield>    <subfield code="c">13,1:84</subfield>  </datafield>  <datafield tag="590" ind1=" " ind2=" ">    <subfield code="a">Bound in black linson, with dust jacket.</subfield>  </datafield>  <datafield tag="591" ind1=" " ind2=" ">    <subfield code="a"></subfield>  </datafield>  <datafield tag="593" ind1=" " ind2=" ">    <subfield code="a">B-LILLY</subfield>    <subfield code="b">STACKS</subfield>    <subfield code="c">PR 006052 .O5  W92</subfield>    <subfield code="h">SENT</subfield>    <subfield code="i">1</subfield>  </datafield>  <datafield tag="700" ind1="1" ind2="2">    <subfield code="a">Bond, Edward.</subfield>    <subfield code="t">Activists papers.</subfield>  </datafield>  <datafield tag="740" ind1="0" ind2="1">    <subfield code="a">Worlds.</subfield>  </datafield>  <datafield tag="740" ind1="0" ind2="1">    <subfield code="a">Activists papers.</subfield>  </datafield>  <datafield tag="998" ind1=" " ind2=" ">    <subfield code="a">12/21/1990</subfield>    <subfield code="b">5/8/1991</subfield>    <subfield code="c">12/21/1990</subfield>  </datafield>  <datafield tag="596" ind1=" " ind2=" ">    <subfield code="a">19</subfield>  </datafield></record>