<record>  <leader>00947nam a2200229 i 45 0</leader>  <controlfield tag="008">970526s1978    cauab    b   f000 0 eng d</controlfield>  <datafield tag="035" ind1=" " ind2=" ">    <subfield code="a">(Sirsi) a1000003</subfield>  </datafield>  <datafield tag="035" ind1=" " ind2=" ">    <subfield code="a">(InU)AJB4610BB</subfield>  </datafield>  <datafield tag="035" ind1=" " ind2=" ">    <subfield code="a">(OCoLC)ocm04073493</subfield>  </datafield>  <datafield tag="040" ind1=" " ind2=" ">    <subfield code="a">GIS</subfield>    <subfield code="c">GIS</subfield>  </datafield>  <datafield tag="100" ind1="1" ind2=" ">    <subfield code="a">Grantz, Arthur,</subfield>    <subfield code="d">1927-</subfield>  </datafield>  <datafield tag="245" ind1="1" ind2="0">    <subfield code="a">Preliminary analysis of the petroleum potential of the Arctic National Wildlife Range, Alaska /</subfield>    <subfield code="c">by Arthur Grantz and C. G. Mull.</subfield>  </datafield>  <datafield tag="260" ind1=" " ind2=" ">    <subfield code="a">Menlo Park, Calif. :</subfield>    <subfield code="b">U.S. Geological Survey,</subfield>    <subfield code="c">1978.</subfield>  </datafield>  <datafield tag="300" ind1=" " ind2=" ">    <subfield code="a">20 leaves :</subfield>    <subfield code="b">ill. (some fold. in pocket), 2 fold. maps (in pocket) ;</subfield>    <subfield code="c">27 cm.</subfield>  </datafield>  <datafield tag="490" ind1="1" ind2=" ">    <subfield code="a">Reports-Open file series - United States Geological Survey ;</subfield>    <subfield code="v">78-489</subfield>  </datafield>  <datafield tag="504" ind1=" " ind2=" ">    <subfield code="a">Bibliography: leaves 18-19.</subfield>  </datafield>  <datafield tag="591" ind1=" " ind2=" ">    <subfield code="a"></subfield>  </datafield>  <datafield tag="650" ind1=" " ind2="0">    <subfield code="a">Petroleum</subfield>    <subfield code="x">Prospecting</subfield>    <subfield code="z">Alaska</subfield>    <subfield code="z">Arctic National Wildlife Refuge.</subfield>  </datafield>  <datafield tag="700" ind1="1" ind2=" ">    <subfield code="a">Mull, Charles G.</subfield>  </datafield>  <datafield tag="830" ind1=" " ind2="0">    <subfield code="a">Open-file report (Geological Survey (U.S.)) ;</subfield>    <subfield code="v">78-489</subfield>  </datafield>  <datafield tag="998" ind1=" " ind2=" ">    <subfield code="a">5/26/1997</subfield>    <subfield code="b">7/17/1997</subfield>    <subfield code="c">7/17/1997</subfield>  </datafield>  <datafield tag="596" ind1=" " ind2=" ">    <subfield code="a">11</subfield>  </datafield></record>