<record>  <leader>00586cam a2200205 i 45 0</leader>  <controlfield tag="008">790428s1966    pe           f000 0 spa d</controlfield>  <datafield tag="035" ind1=" " ind2=" ">    <subfield code="a">(Sirsi) a1000019</subfield>  </datafield>  <datafield tag="035" ind1=" " ind2=" ">    <subfield code="a">(InU)AJB4627BB</subfield>  </datafield>  <datafield tag="035" ind1=" " ind2=" ">    <subfield code="a">(OCoLC)ocm04905751</subfield>  </datafield>  <datafield tag="040" ind1=" " ind2=" ">    <subfield code="a">IXA</subfield>    <subfield code="c">IXA</subfield>  </datafield>  <datafield tag="049" ind1=" " ind2=" ">    <subfield code="a">IULA</subfield>  </datafield>  <datafield tag="090" ind1=" " ind2=" ">    <subfield code="a">JX1952</subfield>    <subfield code="b">.C675</subfield>  </datafield>  <datafield tag="100" ind1="1" ind2=" ">    <subfield code="a">Cornejo, Mariano H.</subfield>    <subfield code="d">1873-1942.</subfield>  </datafield>  <datafield tag="245" ind1="1" ind2="3">    <subfield code="a">La gravitación de la paz /</subfield>    <subfield code="c">Mariano H. Cornejo.</subfield>  </datafield>  <datafield tag="260" ind1=" " ind2=" ">    <subfield code="a">Lima :</subfield>    <subfield code="b">Universidad Nacional Mayor de San Marcos,</subfield>    <subfield code="c">1966.</subfield>  </datafield>  <datafield tag="300" ind1=" " ind2=" ">    <subfield code="a">xviii, 242 p. ;</subfield>    <subfield code="c">24 cm.</subfield>  </datafield>  <datafield tag="591" ind1=" " ind2=" ">    <subfield code="a"></subfield>  </datafield>  <datafield tag="650" ind1=" " ind2="0">    <subfield code="a">Peace.</subfield>  </datafield>  <datafield tag="998" ind1=" " ind2=" ">    <subfield code="a">5/26/1997</subfield>    <subfield code="b">6/23/1997</subfield>    <subfield code="c">6/11/1997</subfield>  </datafield>  <datafield tag="596" ind1=" " ind2=" ">    <subfield code="a">5</subfield>  </datafield></record></collection>]]>            </content>        </ingestDocument>    </requestDocuments></request>